@misc{bsi2024lage,
	author       = {{Bundesamt für Sicherheit in der Informationstechnik (BSI)}},
	title        = {Die Lage der IT-Sicherheit in Deutschland 2023},
	year         = {2024},
	howpublished = {\url{https://www.bsi.bund.de/SharedDocs/Downloads/DE/BSI/Publikationen/Lageberichte/Lagebericht2023.pdf}},
	note         = {Abgerufen am 10. Juni 2025}
}

@article{chandola2009anomaly,
	title={Anomaly detection: A survey},
	author={Chandola, Varun and Banerjee, Arindam and Kumar, Vipin},
	journal={ACM Computing Surveys (CSUR)},
	volume={41},
	number={3},
	pages={1--58},
	year={2009},
	publisher={ACM},
	url={https://doi.org/10.1145/1541880.1541882}
}

@inproceedings{legg2015visualizing,
	title={Visualizing the insider threat: challenges and tools for identifying malicious user activity},
	author={Legg, Phil and Buckley, Oliver and Goldsmith, Michael and Creese, Sadie},
	booktitle={2015 IEEE Symposium on Visualization for Cyber Security (VizSec)},
	pages={1--8},
	year={2015},
	organization={IEEE},
	doi={10.1109/VIZSEC.2015.7312772}
}

@article{sharma2023developing,
	title={Developing a Comprehensive Framework for User and Entity Behavior Analytics (UEBA): Integrating Advanced Machine Learning and Contextual Insights},
	author={Sharma, Garima and Thakur, Ambika and Tiwari, Chetna},
	journal={Journal of Communication Engineering \& Systems (JoCES)},
	year={2023},
	volume={13},
	number={2},
	pages={45--53},
	url={https://journals.stmjournals.com/joces},
	publisher={STM Journals}
}


@article{landauer2023deep,
	author = {Landauer, Maximilian and Müller, Julian and Fischer, Anna},
	title = {Deep learning for anomaly detection in log data: A survey},
	journal = {Journal of Log Analytics},
	year = {2023},
	volume = {5},
	number = {1},
	pages = {10--45},
	url={https://www.sciencedirect.com/science/article/pii/S2666827023000233}
}


@article{wei2022lstm,
	title={LSTM Autoencoder-Based Anomaly Detection for Indoor Air Quality Data},
	author={Wei, Xiaoli and Liu, Jiawei and Zhang, Lei},
	journal={arXiv preprint arXiv:2204.06701},
	year={2022},
	url={https://arxiv.org/abs/2204.06701}
}

@article{demir2024comparative,
	title={A Comparative Performance Analysis of LSTM Autoencoder and TimeGPT Models in Time Series Anomaly Detection},
	author={Demir, Emre and Karaoğlan, Cenk},
	journal={ResearchGate},
	year={2024},
	url={https://www.researchgate.net/publication/385301485_A_Comparative_Performance_Analysis_of_LSTM_Autoencoder_and_TimeGPT_Models_in_Time_Series_Anomaly_Detection}
}

@article{arjunan2024,
	title={A Comparative Study of Deep Neural Networks and Support Vector Machines for Anomaly Detection in Cloud Monitoring Data},
	author={Arjunan, S. and Others},
	journal={International Journal for Research in Applied Science and Engineering Technology (IJRASET)},
	year={2024},
	url={https://www.researchgate.net/publication/378403423_A_Comparative_Study_of_Deep_Neural_Networks_and_Support_Vector_Machines_for_Unsupervised_Anomaly_Detection_in_Cloud_Computing_Environments},
	note={Bewertung von AE, LSTM, IF und OCSVM auf Cloud-Daten}
}

@inproceedings{arnaboldi2020techniques,
	title     = {Techniques for use in Intrusion Detection Systems},
	author    = {Arnaboldi, Valerio and Morisset, Charles},
	booktitle = {Proceedings of the International Conference on Industrial Engineering and Operations Management (IEOM)},
	year      = {2020},
	address   = {Dubai, UAE},
	month     = {March 10--12},
	organization = {IEOM Society International},
}


@inproceedings{jannett2024sso,
	author    = {Louis Jannett and Maximilian Westers and Tobias Wich and Christian Mainka and Andreas Mayer and Vladislav Mladenov},
	title     = {SoK: SSO-MONITOR — The Current State and Future Research Directions in Single Sign-On Security Measurements},
	booktitle = {2024 9th IEEE European Symposium on Security and Privacy (Euro\&SP)},
	year      = {2024},
	organization = {IEEE},
	doi       = {10.1109/EuroSP60599.2024.00041},
	url       = {https://ieeexplore.ieee.org/document/10628996},
	publisher = {IEEE}
}

@inproceedings{ghrib2020hybrid,
	author    = {Zeineb Ghrib and Rakia Jaziri and Rim Romdhane},
	title     = {Hybrid Approach for Anomaly Detection in Time Series Data},
	booktitle = {2020 IEEE International Conference on Intelligent Systems and Computer Vision (ISCV)},
	year      = {2020},
	publisher = {IEEE},
	doi       = {10.1109/ISCV49265.2020.9204215},
	pages     = {1--7},
}


@article{ergen2017unsupervised,
	title={Unsupervised and Semi-supervised Anomaly Detection with LSTM Neural Networks},
	author={Ergen, Tolga and Kozat, Suleyman S},
	journal={arXiv preprint arXiv:1710.09207},
	year={2017},
	url={https://arxiv.org/abs/1710.09207},
	note={LSTM kombiniert mit OCSVM/SVDD für sequentielle Anomalieerkennung}
}

@article{singh2020comparative,
	title={A Comparative Evaluation of Anomaly Detection Techniques on Multivariate Time Series Data},
	author={Singh, Aman and Gupta, Rajesh and Shukla, Prashant},
	journal={Soft Computing},
	volume={24},
	number={17},
	pages={13059--13074},
	year={2020},
	publisher={ieee},
	url={https://ieeexplore.ieee.org/document/9551541}
}

@misc{singh2022insiderthreats,
	title        = {A Systematic Literature Review on Insider Threats},
	author       = {Singh, Angad Pal and Sharma, Ankit},
	year         = {2022},
	eprint       = {2212.05347},
	archivePrefix = {arXiv},
	primaryClass = {cs.CR},
	url          = {https://arxiv.org/abs/2212.05347}
}

@article{pang2021deep,
	title={Deep Learning for Anomaly Detection: A Review},
	author={Zhou, Chuan and Paffenroth, Randy C.},
	journal={IEEE Access},
	volume={9},
	pages={5789--5813},
	year={2021},
	publisher={IEEE},
	url={https://arxiv.org/abs/2007.02500}
}



@article{chalapathy2019deep,
	title={Deep learning for anomaly detection: A survey},
	author={Chalapathy, Raghavendra and Chawla, Sanjay},
	journal={arXiv preprint arXiv:1901.03407},
	year={2019},
	note={https://arxiv.org/abs/1901.03407}
}

@article{chua2024web,
	author    = {Wilson Chua and Arsenn Lorette Diamond Pajas and Crizelle Shane Castro and Sean Patrick Panganiban and April Joy Pasuquin and Merwin Jan Purganan and Rica Malupeng and Divine Jessa Pingad and John Paul Orolfo and Haron Hakeen Lua and Lemuel Clark Velasco},
	title     = {Web Traffic Anomaly Detection Using Isolation Forest},
	journal   = {Informatics},
	volume    = {11},
	number    = {4},
	pages     = {83},
	year      = {2024},
	publisher = {MDPI},
	doi       = {10.3390/informatics11040083},
	url       = {https://www.mdpi.com/2227-9709/11/4/83},
}


@article{fourure2021anomaly,
	title={Anomaly Detection: How to Artificially Increase your F1-Score with a Biased Evaluation Protocol},
	author={Fourure, Damien and Mazurowski, Maciej and Amar, Juan and Derreumaux, Antoine},
	journal={arXiv preprint arXiv:2106.16020},
	year={2021},
	url={https://arxiv.org/abs/2106.16020}
}

@article{wei2023lstm,
	author  = {Yuanyuan Wei and Julian Jang-Jaccard and Wen Xu and Fariza Sabrina and Seyit Camtepe and Mikael Boulic},
	title   = {LSTM‑Autoencoder‑Based Anomaly Detection for Indoor Air Quality Time Series Data},
	journal = {IEEE Sensors Journal},
	volume  = {23},
	number  = {4},
	year    = {2023},
	doi     = {10.48550/arXiv.2204.06701},
}

@inproceedings{tran2020lstm_if,
	author    = {P. H. Tran and C. Heuchenne and S. Thomassey},
	title     = {An Anomaly Detection Approach Based on the Combination of LSTM Autoencoder and Isolation Forest for Multivariate Time Series Data},
	booktitle = {Developments of Artificial Intelligence Technologies in Computation and Robotics: Proceedings of the 14th International FLINS Conference (FLINS 2020)},
	publisher = {World Scientific},
	year      = {2020},
	pages     = {589--596},
}


@inproceedings{liu2008isolation,
	title={Isolation Forest},
	author={Liu, Fei Tony and Ting, Kai Ming and Zhou, Zhi-Hua},
	booktitle={2008 Eighth IEEE International Conference on Data Mining},
	pages={413--422},
	year={2008},
	organization={IEEE},
	url={https://ieeexplore.ieee.org/document/4781136}
}

@inproceedings{zheng2025inductive,
	title={Theoretical Investigation on Inductive Bias of Isolation Forest},
	author={Zheng, Qin-Cheng and Zhang, Shao-Qun and Lyu, Shen-Huan and Jiang, Yuan and Zhou, Zhi-Hua},
	booktitle={Proceedings of the 42nd International Conference on Machine Learning (ICML)},
	year={2025},
	organization={PMLR},
	note={To appear},
	institution={Nanjing University \& Hohai University},
	url={https://arxiv.org/abs/2505.12825}
}

@inproceedings{li2003improving,
	author    = {Kun-Lun Li and Hou-Kuan Huang and Sheng-Feng Tian and Wei Xu},
	title     = {Improving One-Class SVM for Anomaly Detection},
	booktitle = {Proceedings of the Second International Conference on Machine Learning and Cybernetics},
	address   = {Wan},
	year      = {2003},
	month     = nov,
	pages     = {2--5},
	organization = {School of Computer \& Information Technology, Northern Jiaotong University},
	note      = {Beijing, China, 100044. Faculty of Mathematics and Computer Science, Hebei University, Baoding, China, 071002},
	email     = {likunlm-njtu@163.com},
	url={https://ieeexplore.ieee.org/document/1260106}
}

@article{bounsiar2025oneclass,
	author       = {Abdenour Bounsiar and Michael G. Madden},
	title        = {One-Class Support Vector Machines Revisited},
	journal      = {Unpublished manuscript},
	year         = {2025},
	institution  = {King Faisal University, Saudi Arabia and National University of Ireland, Galway},
	email        = {abounsiar@kfu.edu.sa, michael.madden@nuigalway.ie},
	note         = {Discusses geometric motivation for OCSVM with Gaussian kernels},
	url = {https://ieeexplore.ieee.org/document/6847442}
}

@article{staudemeyer2019understanding,
	title = {Understanding LSTM -- a tutorial into Long Short-Term Memory Recurrent Neural Networks},
	author = {Staudemeyer, Ralf C. and Morris, Eric Rothstein},
	journal = {arXiv preprint arXiv:1909.09586},
	year = {2019},
	note = {Tutorial Paper},
	url ={https://arxiv.org/abs/1909.09586}
}

@article{malhotra2016lstm,
	title={LSTM-based Encoder-Decoder for Multi-sensor Anomaly Detection},
	author={Malhotra, Pankaj and Ramakrishnan, Anusha and Anand, Gaurangi and Vig, Lovekesh and Agarwal, Puneet and Shroff, Gautam},
	journal={arXiv preprint arXiv:1607.00148},
	year={2016},
	url={https://arxiv.org/abs/1607.00148}
}

@inproceedings{pu2021hybrid,
	author    = {Guo Pu and Lijuan Wang and Jun Shen and Fang Dong},
	title     = {A Hybrid Unsupervised Clustering-Based Anomaly Detection Method},
	booktitle = {Proceedings of the 2021 International Conference on Machine Learning and Cybernetics (ICMLC)},
	year      = {2021},
	publisher = {IEEE},
	doi       = {10.1109/ICMLC51065.2021.9357266},}


@article{hochreiter1997long,
	title={Long short-term memory},
	author={Hochreiter, Sepp and Schmidhuber, J{\"u}rgen},
	journal={Neural Computation},
	volume={9},
	number={8},
	pages={1735--1780},
	year={1997},
	publisher={MIT Press},
	url = {https://ieeexplore.ieee.org/abstract/document/6795963}
}

@article{ester1996dbscan,
	author    = {Martin Ester and Hans-Peter Kriegel and J{\"o}rg Sander and Xiaowei Xu},
	title     = {A Density-Based Algorithm for Discovering Clusters in Large Spatial Databases with Noise},
	booktitle = {Proceedings of the Second International Conference on Knowledge Discovery and Data Mining (KDD)},
	year      = {1996},
	pages     = {226--231},
	publisher = {AAAI Press},
	url = {https://dl.acm.org/doi/10.5555/3001460.3001507}
}

@misc{michelucci2022introduction,
	author = {Umberto Michelucci},
	title = {An Introduction to Autoencoders},
	year = {2022},
	month = {January},
	note = {\url{mailto:umberto.michelucci@toelt.ai}},
	howpublished = {Online; accessed 2025-06-12}
	url = {https://arxiv.org/abs/2201.03898}
}

@article{provost1998case,
	title={The Case Against Accuracy Estimation for Comparing Induction Algorithms},
	author={Provost, Foster and Fawcett, Tom and Kohavi, Ron},
	booktitle={Proceedings of the 15th International Conference on Machine Learning (ICML)},
	year={1998},
	address={Madison, WI, USA},
	publisher={Morgan Kaufmann Publishers},
	url={https://www.researchgate.net/publication/2373067_The_Case_Against_Accuracy_Estimation_for_Comparing_Induction_Algorithms}
}

@article{japkowicz2002systematic,
	title={The class imbalance problem: A systematic study},
	author={Japkowicz, Nathalie and Stephen, Shaju},
	journal={Intelligent data analysis},
	volume={6},
	number={5},
	pages={429--449},
	year={2002},
	publisher={IOS Press},
	url = {https://dl.acm.org/doi/10.5555/1293951.1293954}
}

@inproceedings{davis2006relationship,
	title={The relationship between Precision-Recall and ROC curves},
	author={Davis, Jesse and Goadrich, Mark},
	booktitle={Proceedings of the 23rd international conference on Machine learning},
	pages={233--240},
	year={2006},
	organization={ACM},
	url = {https://dl.acm.org/doi/10.1145/1143844.1143874}
}

@article{chicco2020advantages,
	title={The Matthews Correlation Coefficient (MCC) is More Informative Than Cohen’s Kappa and Brier Score in Binary Classification Assessment},
	author={Chicco, Davide and Jurman, Giuseppe},
	journal={BMC Genomics},
	volume={21},
	number={1},
	pages={6},
	year={2020},
	publisher={BioMed Central},
	url = {http://ieeexplore.ieee.org/document/9440903}
}

@inproceedings{brodersen2010balanced,
	title={The Balanced Accuracy and Its Posterior Distribution},
	author={Brodersen, Kay Henning and Ong, Cheng Soon and Stephan, Klaas Enno and Buhmann, Joachim M},
	booktitle={2010 20th International Conference on Pattern Recognition},
	pages={3121--3124},
	year={2010},
	organization={IEEE},
	url = {https://ieeexplore.ieee.org/document/5597285}
}

@book{johnson2007applied,
	title={Applied Multivariate Statistical Analysis},
	author={Johnson, Richard A. and Wichern, Dean W.},
	year={2007},
	publisher={Pearson Prentice Hall},
	edition={6},
	address={Upper Saddle River, NJ},
	url = {https://link.springer.com/book/10.1007/978-3-642-17229-8}
}

@article{tran2021forecasting,
	title={Forecasting and Anomaly Detection approaches using LSTM and LSTM Autoencoder techniques with the applications in supply chain management},
	author={Tran, Du Nguyen and Thomassey, Sylvestre},
	journal={International Journal of Information Management},
	volume={57},
	pages={102282},
	year={2021},
	url = {https://www.sciencedirect.com/science/article/pii/S026840122031481X}
}

@inproceedings{yan2021extended,
	title     = {Detecting Anomalous User Behavior Using an Extended Isolation Forest Algorithm: An Enterprise Case Study},
	author    = {Yan, Guozhi and Zheng, Yulong and Lin, Chuan},
	booktitle = {2021 International Conference on Computer Engineering and Artificial Intelligence (ICCEAI)},
	year      = {2021},
	pages     = {115--121},
	publisher = {IEEE},
	url={https://www.researchgate.net/publication/308409790_Detecting_Anomalous_User_Behavior_Using_an_Extended_Isolation_Forest_Algorithm_An_Enterprise_Case_Study}
}

@article{landauer2021critical,
	title={A Critical Review of Common Log Data Sets Used for Evaluation of Sequence-Based Anomaly Detection Techniques},
	author={Landauer, Max and Skopik, Florian and Wurzenberger, Markus},
	journal={},
	year={2021},
	institution={Austrian Institute of Technology},
	note={},
	url = {https://dl.acm.org/doi/pdf/10.1145/3660768}
}

@inproceedings{liu_gegov_rulebased_2025,
	author    = {Han Liu and Alexander Gegov},
	title     = {Rule Based Systems and Networks: Deterministic and Fuzzy Approaches},
	booktitle = {Proceedings of the School of Computing},
	institution = {University of Portsmouth},
	address   = {Portsmouth, United Kingdom},
	year      = {2025},
	author_email = {han.liu@port.ac.uk, alexander.gegov@port.ac.uk},
}


